<?xml version="1.0" encoding="UTF-8"?><collection xmlns="http://www.loc.gov/MARC21/slim"><record><leader>00301nam--2200121-i-4500</leader><controlfield tag="001">000025733</controlfield><controlfield tag="002">20161230</controlfield><controlfield tag="005">20161230201036</controlfield><controlfield tag="008">060222s1000------------r-----000-0-eng-d</controlfield><datafield ind1=" " ind2=" " tag="100"><subfield code="a">Jury, Eliahu I</subfield></datafield><datafield ind1=" " ind2=" " tag="245"><subfield code="a">Sampled-data control systems</subfield></datafield><datafield ind1=" " ind2=" " tag="260"><subfield code="a">New York, John Wiley, 1958, Xv + 453p</subfield></datafield><datafield ind1=" " ind2=" " tag="852"><subfield code="a">15544</subfield></datafield></record></collection>